@BOOK{Schneider2006,
       author = {{Schneider}, Peter},
        title = "{Einf{\"u}hrung in die extragalaktische Astronomie und Kosmologie}",
         year = 2006,
       adsurl = {https://ui.adsabs.harvard.edu/abs/2006eeak.book.....S},
      adsnote = {Provided by the SAO/NASA Astrophysics Data System}
}

@book{Goodfellow-et-al-2016,
    title={Deep Learning},
    author={Ian Goodfellow and Yoshua Bengio and Aaron Courville},
    publisher={MIT Press},
    note={\url{http://www.deeplearningbook.org}},
    year={2016}
}

@book{aggarwal2018neural,
  __markedentry = {[flint:2]},
  added-at = {2021-04-12T10:31:33.000+0200},
  address = {Cham},
  author = {Aggarwal, Charu C.},
  biburl = {https://www.bibsonomy.org/bibtex/26681a2e990d3d35887d519e2ec3bd7a9/sdo},
  doi = {10.1007/978-3-319-94463-0},
  file = {copy:201x/8/Aggarwal18.pdf:PDF;shop:https\://www.springer.com/978-3-319-94462-3:text/html;archive:https\://www.springerprofessional.de/neural-networks-and-deep-learning/16073524:text/html},
  gender = {sm},
  interhash = {59b0c6aa4a43b74401bca82051990b53},
  intrahash = {6681a2e990d3d35887d519e2ec3bd7a9},
  isbn = {978-3-319-94462-3},
  keywords = {deep learning},
  owner = {flint},
  pages = 497,
  publisher = {Springer},
  referencetype = {book},
  subtitle = {A Textbook},
  timestamp = {2021-04-12T10:31:33.000+0200},
  title = {Neural Networks and Deep Learning},
  x.asin = {3319944622},
  x.sortdate = {2018-09},
  year = 2018
}




@ARTICLE{Boehringer2010,
       author = {{B{\"o}hringer}, Hans and {Werner}, Norbert},
        title = "{X-ray spectroscopy of galaxy clusters: studying astrophysical processes in the largest celestial laboratories}",
      journal = {The Astronomy and Astrophysics Review},
      keywords = {X-ray astronomy, Galaxies: clusters of galaxies, Spectroscopy: X-rays},
         year = 2010,
        month = feb,
       volume = {18},
       number = {1-2},
        pages = {127-196},
          doi = {10.1007/s00159-009-0023-3},
      adsnote = {Provided by the SAO/NASA Astrophysics Data System}
}

@article{Suto_2013,
author = {Suto, Daichi and Kawahara, Hajime and Kitayama, Tetsu and Sasaki, Shin and Suto, Yasushi and Cen, Renyue},
year = {2013},
month = {02},
pages = {},
title = {Validity of Hydrostatic Equilibrium in Galaxy Clusters from Cosmological
Hydrodynamical Simulations},
volume = {767},
journal = {The Astrophysical Journal},
doi = {10.1088/0004-637X/767/1/79}
}

@ARTICLE{Zwicky_1933,
       author = {{Zwicky}, F.},
        title = "{Die Rotverschiebung von extragalaktischen Nebeln}",
      journal = {Helvetica Physica Acta},
         year = 1933,
        month = jan,
       volume = {6},
        pages = {110-127},
       adsurl = {https://ui.adsabs.harvard.edu/abs/1933AcHPh...6..110Z},
      adsnote = {Provided by the SAO/NASA Astrophysics Data System}
}

@ARTICLE{Ettori_2019,
       author = {{Ettori}, S. and {Ghirardini}, V. and {Eckert}, D. and {Pointecouteau}, E. and {Gastaldello}, F. and {Sereno}, M. and {Gaspari}, M. and {Ghizzardi}, S. and {Roncarelli}, M. and {Rossetti}, M.},
        title = "{Hydrostatic mass profiles in X-COP galaxy clusters}",
      journal = {The Astronomy and Astrophysics Review},
     keywords = {dark matter, X-rays: galaxies: clusters, galaxies: clusters: intracluster medium, Astrophysics - Cosmology and Nongalactic Astrophysics},
         year = 2019,
        month = jan,
       volume = {621},
          eid = {A39},
        pages = {A39},
          doi = {10.1051/0004-6361/201833323},
archivePrefix = {arXiv},
       eprint = {1805.00035},
 primaryClass = {astro-ph.CO},
       adsurl = {https://ui.adsabs.harvard.edu/abs/2019A&A...621A..39E},
      adsnote = {Provided by the SAO/NASA Astrophysics Data System}
}

@article{Rakos_2006,
author = {Rakos, Karl and Schombert, James and Odell, Andrew},
year = {2006},
month = {12},
pages = {},
title = {Age and Metallicities of Cluster Galaxies: A1185 and Coma},
volume = {658},
journal = {The Astrophysical Journal},
doi = {10.1086/511808}
}

@ARTICLE{Cavaliere_1976,
       author = {{Cavaliere}, A. and {Fusco-Femiano}, R.},
        title = "{X-rays from hot plasma in clusters of galaxies.}",
      journal = {Astronomy and Astrophysics},
     keywords = {Bremsstrahlung, Galactic Clusters, High Temperature Plasmas, Intergalactic Media, Plasma Radiation, X Ray Sources, Background Radiation, Cosmic Plasma, Gas Density, Light Curve, Luminous Intensity, Space Radiation},
         year = 1976,
        month = may,
       volume = {49},
        pages = {137-144},
       adsurl = {https://ui.adsabs.harvard.edu/abs/1976A&A....49..137C},
      adsnote = {Provided by the SAO/NASA Astrophysics Data System}
}

@article{McCourt_2013,
	doi = {10.1093/mnras/stt476},
  
  
	year = 2013,
	month = {apr},
  
	publisher = {Oxford University Press ({OUP})},
  
	volume = {432},
  
	number = {1},
  
	pages = {404--416},
  
	author = {Michael McCourt and Eliot Quataert and Ian J. Parrish},
  
	title = {What sets temperature gradients in galaxy clusters? Implications for non-thermal pressure support and mass-observable scaling relations},
  
	journal = {Monthly Notices of the Royal Astronomical Society}
}

@ARTICLE{Krippendorf_2023,
       author = {{Krippendorf}, Sven and {Baron Perez}, Nicolas and {Bulbul}, Esra and {Kara}, Melih and {Seppi}, Riccardo and {Comparat}, Johan and {Artis}, Emmanuel and {Bahar}, Emre and {Garrel}, Christian and {Ghiardini}, Vittorio and {Kluge}, Matthias and {Liu}, Ang and {Ramos-Ceja}, Miriam E. and {Sanders}, Jeremy and {Zhang}, Xiaoyuan and {Br{\"u}ggen}, Marcus and {Grandis}, Sebastian and {Weller}, Jochen},
        title = "{The eROSITA Final Equatorial-Depth Survey (eFEDS): A Machine Learning Approach to Infer Galaxy Cluster Masses from eROSITA X-ray Images}",
      journal = {arXiv e-prints},
     keywords = {Astrophysics - Cosmology and Nongalactic Astrophysics},
         year = 2023,
        month = apr,
          eid = {arXiv:2305.00016},
        pages = {arXiv:2305.00016},
          doi = {10.48550/arXiv.2305.00016},
archivePrefix = {arXiv},
       eprint = {2305.00016},
 primaryClass = {astro-ph.CO},
       adsurl = {https://ui.adsabs.harvard.edu/abs/2023arXiv230500016K},
      adsnote = {Provided by the SAO/NASA Astrophysics Data System}
}

@ARTICLE{Ntampaka_2018,
author = {Ntampaka, M. and ZuHone, J. and Eisenstein, D. and Nagai, Daisuke and Vikhlinin, A. and Hernquist, L. and Marinacci, F. and Nelson, D. and Pakmor, R. and Pillepich, A. and Torrey, P. and Vogelsberger, M.},
year = {2018},
month = {10},
pages = {},
title = {A Deep Learning Approach to Galaxy Cluster X-ray Masses}
}

@ARTICLE{Bezdan_2019,
author = {Bezdan, Timea and Bacanin, Nebojsa},
year = {2019},
month = {01},
pages = {445-451},
title = {Convolutional Neural Network Layers and Architectures},
doi = {10.15308/Sinteza-2019-445-451}
}

@ARTICLE{Simonyan_2015,
  author       = {Karen Simonyan and
                  Andrew Zisserman},
  editor       = {Yoshua Bengio and
                  Yann LeCun},
  title        = {Very Deep Convolutional Networks for Large-Scale Image Recognition},
  booktitle    = {3rd International Conference on Learning Representations, {ICLR} 2015,
                  San Diego, CA, USA, May 7-9, 2015, Conference Track Proceedings},
  year         = {2015},
  url          = {http://arxiv.org/abs/1409.1556},
  timestamp    = {Wed, 17 Jul 2019 10:40:54 +0200},
  biburl       = {https://dblp.org/rec/journals/corr/SimonyanZ14a.bib},
  bibsource    = {dblp computer science bibliography, https://dblp.org}
}

@ARTICLE{He_2016,
  author={He, Kaiming and Zhang, Xiangyu and Ren, Shaoqing and Sun, Jian},
  booktitle={2016 IEEE Conference on Computer Vision and Pattern Recognition (CVPR)}, 
  title={Deep Residual Learning for Image Recognition}, 
  year={2016},
  volume={},
  number={},
  pages={770-778},
  doi={10.1109/CVPR.2016.90}}

@article{Chiu_2022,
	doi = {10.1051/0004-6361/202141755},
  
	year = 2022,
	month = {may},
  
	publisher = {{EDP} Sciences},
  
	volume = {661},
  
	pages = {A11},
  
	author = {I-Non Chiu and Vittorio Ghirardini and Ang Liu and Sebastian Grandis and Esra Bulbul and Y. Emre Bahar and Johan Comparat and Sebastian Bocquet and Nicolas Clerc and Matthias Klein and Teng Liu and Xiangchong Li and Hironao Miyatake and Joseph Mohr and Surhud More and Masamune Oguri and Nobuhiro Okabe and Florian Pacaud and Miriam E. Ramos-Ceja and Thomas H. Reiprich and Tim Schrabback and Keiichi Umetsu},
  
	title = {The eROSITA Final Equatorial-Depth Survey (eFEDS)},
  
	journal = {Astronomy and Astrophysics}
}

@inproceedings{Krizhevsky_2012,
 author = {Krizhevsky, Alex and Sutskever, Ilya and Hinton, Geoffrey E},
 booktitle = {Advances in Neural Information Processing Systems},
 editor = {F. Pereira and C.J. Burges and L. Bottou and K.Q. Weinberger},
 pages = {},
 publisher = {Curran Associates, Inc.},
 title = {ImageNet Classification with Deep Convolutional Neural Networks},
 volume = {25},
 year = {2012}
}


@misc{tan2019mnasnet,
      title={MnasNet: Platform-Aware Neural Architecture Search for Mobile}, 
      author={Mingxing Tan and Bo Chen and Ruoming Pang and Vijay Vasudevan and Mark Sandler and Andrew Howard and Quoc V. Le},
      year={2019},
      eprint={1807.11626},
      archivePrefix={arXiv},
      primaryClass={cs.CV}
}

@misc{tan2020efficientnet,
      title={EfficientNet: Rethinking Model Scaling for Convolutional Neural Networks}, 
      author={Mingxing Tan and Quoc V. Le},
      year={2020},
      eprint={1905.11946},
      archivePrefix={arXiv},
      primaryClass={cs.LG}
}


@misc{russakovsky2015imagenet,
      title={ImageNet Large Scale Visual Recognition Challenge}, 
      author={Olga Russakovsky and Jia Deng and Hao Su and Jonathan Krause and Sanjeev Satheesh and Sean Ma and Zhiheng Huang and Andrej Karpathy and Aditya Khosla and Michael Bernstein and Alexander C. Berg and Li Fei-Fei},
      year={2015},
      eprint={1409.0575},
      archivePrefix={arXiv},
      primaryClass={cs.CV}
}

@misc{Dasaradh_2020, title={A gentle introduction to math behind Neural Networks}, url={https://towardsdatascience.com/introduction-to-math-behind-neural-networks-e8b60dbbdeba}, journal={Medium}, publisher={Towards Data Science}, author={Dasaradh, S K}, year={2020}, month={Oct}} 

@misc{kingma2017adam,
      title={Adam: A Method for Stochastic Optimization}, 
      author={Diederik P. Kingma and Jimmy Ba},
      year={2017},
      eprint={1412.6980},
      archivePrefix={arXiv},
      primaryClass={cs.LG}
}

@misc{hubble-2010,
	month = {8},
	title = {{First Use of Cosmic Lens to Probe Dark Energy}},
	year = {2010},
	url = {https://hubblesite.org/contents/news-releases/2010/news-2010-26.html},
}